@article{moorelaw,
    author  = "Gordon E. Moore",
    title   = "Cramming more components onto integrated circuits",
    year    = "1965",
    journal = "Electronics",
    volume  = "38",
    number  = "8",
%    pages   = "342--351"
}